%YAML 1.1
%TAG !u! tag:unity3d.com,2011:
--- !u!29 &1
OcclusionCullingSettings:
  m_ObjectHideFlags: 0
  serializedVersion: 2
  m_OcclusionBakeSettings:
    smallestOccluder: 5
    smallestHole: 0.25
    backfaceThreshold: 100
  m_SceneGUID: 00000000000000000000000000000000
  m_OcclusionCullingData: {fileID: 0}
--- !u!104 &2
RenderSettings:
  m_ObjectHideFlags: 0
  serializedVersion: 9
  m_Fog: 0
  m_FogColor: {r: 0.5, g: 0.5, b: 0.5, a: 1}
  m_FogMode: 3
  m_FogDensity: 0.01
  m_LinearFogStart: 0
  m_LinearFogEnd: 300
  m_AmbientSkyColor: {r: 0.212, g: 0.227, b: 0.259, a: 1}
  m_AmbientEquatorColor: {r: 0.114, g: 0.125, b: 0.133, a: 1}
  m_AmbientGroundColor: {r: 0.047, g: 0.043, b: 0.035, a: 1}
  m_AmbientIntensity: 1
  m_AmbientMode: 0
  m_SubtractiveShadowColor: {r: 0.42, g: 0.478, b: 0.627, a: 1}
  m_SkyboxMaterial: {fileID: 10304, guid: 0000000000000000f000000000000000, type: 0}
  m_HaloStrength: 0.5
  m_FlareStrength: 1
  m_FlareFadeSpeed: 3
  m_HaloTexture: {fileID: 0}
  m_SpotCookie: {fileID: 10001, guid: 0000000000000000e000000000000000, type: 0}
  m_DefaultReflectionMode: 0
  m_DefaultReflectionResolution: 128
  m_ReflectionBounces: 1
  m_ReflectionIntensity: 1
  m_CustomReflection: {fileID: 0}
  m_Sun: {fileID: 0}
  m_IndirectSpecularColor: {r: 0, g: 0, b: 0, a: 1}
  m_UseRadianceAmbientProbe: 0
--- !u!157 &3
LightmapSettings:
  m_ObjectHideFlags: 0
  serializedVersion: 11
  m_GIWorkflowMode: 1
  m_GISettings:
    serializedVersion: 2
    m_BounceScale: 1
    m_IndirectOutputScale: 1
    m_AlbedoBoost: 1
    m_EnvironmentLightingMode: 0
    m_EnableBakedLightmaps: 1
    m_EnableRealtimeLightmaps: 0
  m_LightmapEditorSettings:
    serializedVersion: 12
    m_Resolution: 2
    m_BakeResolution: 40
    m_AtlasSize: 1024
    m_AO: 0
    m_AOMaxDistance: 1
    m_CompAOExponent: 1
    m_CompAOExponentDirect: 0
    m_ExtractAmbientOcclusion: 0
    m_Padding: 2
    m_LightmapParameters: {fileID: 0}
    m_LightmapsBakeMode: 1
    m_TextureCompression: 1
    m_FinalGather: 0
    m_FinalGatherFiltering: 1
    m_FinalGatherRayCount: 256
    m_ReflectionCompression: 2
    m_MixedBakeMode: 2
    m_BakeBackend: 1
    m_PVRSampling: 1
    m_PVRDirectSampleCount: 32
    m_PVRSampleCount: 512
    m_PVRBounces: 2
    m_PVREnvironmentSampleCount: 256
    m_PVREnvironmentReferencePointCount: 2048
    m_PVRFilteringMode: 1
    m_PVRDenoiserTypeDirect: 1
    m_PVRDenoiserTypeIndirect: 1
    m_PVRDenoiserTypeAO: 1
    m_PVRFilterTypeDirect: 0
    m_PVRFilterTypeIndirect: 0
    m_PVRFilterTypeAO: 0
    m_PVREnvironmentMIS: 1
    m_PVRCulling: 1
    m_PVRFilteringGaussRadiusDirect: 1
    m_PVRFilteringGaussRadiusIndirect: 5
    m_PVRFilteringGaussRadiusAO: 2
    m_PVRFilteringAtrousPositionSigmaDirect: 0.5
    m_PVRFilteringAtrousPositionSigmaIndirect: 2
    m_PVRFilteringAtrousPositionSigmaAO: 1
    m_ExportTrainingData: 0
    m_TrainingDataDestination: TrainingData
    m_LightProbeSampleCountMultiplier: 4
  m_LightingDataAsset: {fileID: 0}
  m_UseShadowmask: 1
--- !u!196 &4
NavMeshSettings:
  serializedVersion: 2
  m_ObjectHideFlags: 0
  m_BuildSettings:
    serializedVersion: 2
    agentTypeID: 0
    agentRadius: 0.5
    agentHeight: 2
    agentSlope: 45
    agentClimb: 0.4
    ledgeDropHeight: 0
    maxJumpAcrossDistance: 0
    minRegionArea: 2
    manualCellSize: 0
    cellSize: 0.16666667
    manualTileSize: 0
    tileSize: 256
    accuratePlacement: 0
    debug:
      m_Flags: 0
  m_NavMeshData: {fileID: 0}
--- !u!1 &63420212
GameObject:
  m_ObjectHideFlags: 0
  m_CorrespondingSourceObject: {fileID: 0}
  m_PrefabInstance: {fileID: 0}
  m_PrefabAsset: {fileID: 0}
  serializedVersion: 6
  m_Component:
  - component: {fileID: 63420216}
  - component: {fileID: 63420215}
  - component: {fileID: 63420214}
  - component: {fileID: 63420213}
  m_Layer: 9
  m_Name: Cube
  m_TagString: Untagged
  m_Icon: {fileID: 0}
  m_NavMeshLayer: 0
  m_StaticEditorFlags: 0
  m_IsActive: 1
--- !u!65 &63420213
BoxCollider:
  m_ObjectHideFlags: 0
  m_CorrespondingSourceObject: {fileID: 0}
  m_PrefabInstance: {fileID: 0}
  m_PrefabAsset: {fileID: 0}
  m_GameObject: {fileID: 63420212}
  m_Material: {fileID: 0}
  m_IsTrigger: 0
  m_Enabled: 1
  serializedVersion: 2
  m_Size: {x: 1, y: 1, z: 1}
  m_Center: {x: 0, y: 0, z: 0}
--- !u!23 &63420214
MeshRenderer:
  m_ObjectHideFlags: 0
  m_CorrespondingSourceObject: {fileID: 0}
  m_PrefabInstance: {fileID: 0}
  m_PrefabAsset: {fileID: 0}
  m_GameObject: {fileID: 63420212}
  m_Enabled: 1
  m_CastShadows: 1
  m_ReceiveShadows: 1
  m_DynamicOccludee: 1
  m_MotionVectors: 1
  m_LightProbeUsage: 1
  m_ReflectionProbeUsage: 1
  m_RayTracingMode: 2
  m_RenderingLayerMask: 1
  m_RendererPriority: 0
  m_Materials:
  - {fileID: 2100000, guid: db55ebdb9473a4a80a0037f64aafccce, type: 2}
  m_StaticBatchInfo:
    firstSubMesh: 0
    subMeshCount: 0
  m_StaticBatchRoot: {fileID: 0}
  m_ProbeAnchor: {fileID: 0}
  m_LightProbeVolumeOverride: {fileID: 0}
  m_ScaleInLightmap: 1
  m_ReceiveGI: 1
  m_PreserveUVs: 0
  m_IgnoreNormalsForChartDetection: 0
  m_ImportantGI: 0
  m_StitchLightmapSeams: 1
  m_SelectedEditorRenderState: 3
  m_MinimumChartSize: 4
  m_AutoUVMaxDistance: 0.5
  m_AutoUVMaxAngle: 89
  m_LightmapParameters: {fileID: 0}
  m_SortingLayerID: 0
  m_SortingLayer: 0
  m_SortingOrder: 0
--- !u!33 &63420215
MeshFilter:
  m_ObjectHideFlags: 0
  m_CorrespondingSourceObject: {fileID: 0}
  m_PrefabInstance: {fileID: 0}
  m_PrefabAsset: {fileID: 0}
  m_GameObject: {fileID: 63420212}
  m_Mesh: {fileID: 10202, guid: 0000000000000000e000000000000000, type: 0}
--- !u!4 &63420216
Transform:
  m_ObjectHideFlags: 0
  m_CorrespondingSourceObject: {fileID: 0}
  m_PrefabInstance: {fileID: 0}
  m_PrefabAsset: {fileID: 0}
  m_GameObject: {fileID: 63420212}
  m_LocalRotation: {x: -0, y: 0.7114267, z: -0, w: 0.70276034}
  m_LocalPosition: {x: 0.07, y: 0.56, z: -9.64}
  m_LocalScale: {x: 1.3923, y: 1, z: 10.593497}
  m_Children:
  - {fileID: 1208499137}
  m_Father: {fileID: 0}
  m_RootOrder: 7
  m_LocalEulerAnglesHint: {x: 0, y: 90.702, z: 0}
--- !u!1 &75606283
GameObject:
  m_ObjectHideFlags: 0
  m_CorrespondingSourceObject: {fileID: 0}
  m_PrefabInstance: {fileID: 0}
  m_PrefabAsset: {fileID: 0}
  serializedVersion: 6
  m_Component:
  - component: {fileID: 75606287}
  - component: {fileID: 75606286}
  - component: {fileID: 75606285}
  m_Layer: 0
  m_Name: EventSystem
  m_TagString: Untagged
  m_Icon: {fileID: 0}
  m_NavMeshLayer: 0
  m_StaticEditorFlags: 0
  m_IsActive: 1
--- !u!114 &75606285
MonoBehaviour:
  m_ObjectHideFlags: 0
  m_CorrespondingSourceObject: {fileID: 0}
  m_PrefabInstance: {fileID: 0}
  m_PrefabAsset: {fileID: 0}
  m_GameObject: {fileID: 75606283}
  m_Enabled: 1
  m_EditorHideFlags: 0
  m_Script: {fileID: 11500000, guid: 4f231c4fb786f3946a6b90b886c48677, type: 3}
  m_Name: 
  m_EditorClassIdentifier: 
  m_HorizontalAxis: Horizontal
  m_VerticalAxis: Vertical
  m_SubmitButton: Submit
  m_CancelButton: Cancel
  m_InputActionsPerSecond: 10
  m_RepeatDelay: 0.5
  m_ForceModuleActive: 0
--- !u!114 &75606286
MonoBehaviour:
  m_ObjectHideFlags: 0
  m_CorrespondingSourceObject: {fileID: 0}
  m_PrefabInstance: {fileID: 0}
  m_PrefabAsset: {fileID: 0}
  m_GameObject: {fileID: 75606283}
  m_Enabled: 1
  m_EditorHideFlags: 0
  m_Script: {fileID: 11500000, guid: 76c392e42b5098c458856cdf6ecaaaa1, type: 3}
  m_Name: 
  m_EditorClassIdentifier: 
  m_FirstSelected: {fileID: 0}
  m_sendNavigationEvents: 1
  m_DragThreshold: 10
--- !u!4 &75606287
Transform:
  m_ObjectHideFlags: 0
  m_CorrespondingSourceObject: {fileID: 0}
  m_PrefabInstance: {fileID: 0}
  m_PrefabAsset: {fileID: 0}
  m_GameObject: {fileID: 75606283}
  m_LocalRotation: {x: 0, y: 0, z: 0, w: 1}
  m_LocalPosition: {x: 0, y: 0, z: 0}
  m_LocalScale: {x: 1, y: 1, z: 1}
  m_Children: []
  m_Father: {fileID: 0}
  m_RootOrder: 9
  m_LocalEulerAnglesHint: {x: 0, y: 0, z: 0}
--- !u!1 &93070742
GameObject:
  m_ObjectHideFlags: 0
  m_CorrespondingSourceObject: {fileID: 0}
  m_PrefabInstance: {fileID: 0}
  m_PrefabAsset: {fileID: 0}
  serializedVersion: 6
  m_Component:
  - component: {fileID: 93070746}
  - component: {fileID: 93070745}
  - component: {fileID: 93070744}
  - component: {fileID: 93070743}
  m_Layer: 0
  m_Name: Enemak
  m_TagString: Enemy
  m_Icon: {fileID: 0}
  m_NavMeshLayer: 0
  m_StaticEditorFlags: 0
  m_IsActive: 1
--- !u!65 &93070743
BoxCollider:
  m_ObjectHideFlags: 0
  m_CorrespondingSourceObject: {fileID: 0}
  m_PrefabInstance: {fileID: 0}
  m_PrefabAsset: {fileID: 0}
  m_GameObject: {fileID: 93070742}
  m_Material: {fileID: 0}
  m_IsTrigger: 0
  m_Enabled: 1
  serializedVersion: 2
  m_Size: {x: 1, y: 1, z: 1}
  m_Center: {x: 0, y: 0, z: 0}
--- !u!23 &93070744
MeshRenderer:
  m_ObjectHideFlags: 0
  m_CorrespondingSourceObject: {fileID: 0}
  m_PrefabInstance: {fileID: 0}
  m_PrefabAsset: {fileID: 0}
  m_GameObject: {fileID: 93070742}
  m_Enabled: 1
  m_CastShadows: 1
  m_ReceiveShadows: 1
  m_DynamicOccludee: 1
  m_MotionVectors: 1
  m_LightProbeUsage: 1
  m_ReflectionProbeUsage: 1
  m_RayTracingMode: 2
  m_RenderingLayerMask: 1
  m_RendererPriority: 0
  m_Materials:
  - {fileID: 2100000, guid: b71b71b0a1f9a48768a27ca6eefcfbdf, type: 2}
  m_StaticBatchInfo:
    firstSubMesh: 0
    subMeshCount: 0
  m_StaticBatchRoot: {fileID: 0}
  m_ProbeAnchor: {fileID: 0}
  m_LightProbeVolumeOverride: {fileID: 0}
  m_ScaleInLightmap: 1
  m_ReceiveGI: 1
  m_PreserveUVs: 0
  m_IgnoreNormalsForChartDetection: 0
  m_ImportantGI: 0
  m_StitchLightmapSeams: 1
  m_SelectedEditorRenderState: 3
  m_MinimumChartSize: 4
  m_AutoUVMaxDistance: 0.5
  m_AutoUVMaxAngle: 89
  m_LightmapParameters: {fileID: 0}
  m_SortingLayerID: 0
  m_SortingLayer: 0
  m_SortingOrder: 0
--- !u!33 &93070745
MeshFilter:
  m_ObjectHideFlags: 0
  m_CorrespondingSourceObject: {fileID: 0}
  m_PrefabInstance: {fileID: 0}
  m_PrefabAsset: {fileID: 0}
  m_GameObject: {fileID: 93070742}
  m_Mesh: {fileID: 10202, guid: 0000000000000000e000000000000000, type: 0}
--- !u!4 &93070746
Transform:
  m_ObjectHideFlags: 0
  m_CorrespondingSourceObject: {fileID: 0}
  m_PrefabInstance: {fileID: 0}
  m_PrefabAsset: {fileID: 0}
  m_GameObject: {fileID: 93070742}
  m_LocalRotation: {x: 0, y: 0, z: 0, w: 1}
  m_LocalPosition: {x: 7.3533077, y: 1.21, z: -0.28542614}
  m_LocalScale: {x: 1, y: 1, z: 1}
  m_Children: []
  m_Father: {fileID: 0}
  m_RootOrder: 12
  m_LocalEulerAnglesHint: {x: 0, y: 0, z: 0}
--- !u!114 &158015497 stripped
MonoBehaviour:
  m_CorrespondingSourceObject: {fileID: 8792236078508602862, guid: d271bccd06aad844f8e9d6fce0c64568,
    type: 3}
  m_PrefabInstance: {fileID: 8792236078654019047}
  m_PrefabAsset: {fileID: 0}
  m_GameObject: {fileID: 0}
  m_Enabled: 1
  m_EditorHideFlags: 0
  m_Script: {fileID: 11500000, guid: 4e29b1a8efbd4b44bb3f3716e73f07ff, type: 3}
  m_Name: 
  m_EditorClassIdentifier: 
--- !u!1 &413229906
GameObject:
  m_ObjectHideFlags: 0
  m_CorrespondingSourceObject: {fileID: 0}
  m_PrefabInstance: {fileID: 0}
  m_PrefabAsset: {fileID: 0}
  serializedVersion: 6
  m_Component:
  - component: {fileID: 413229907}
  - component: {fileID: 413229909}
  - component: {fileID: 413229908}
  m_Layer: 11
  m_Name: FOV Camera
  m_TagString: Untagged
  m_Icon: {fileID: 0}
  m_NavMeshLayer: 0
  m_StaticEditorFlags: 0
  m_IsActive: 0
--- !u!4 &413229907
Transform:
  m_ObjectHideFlags: 0
  m_CorrespondingSourceObject: {fileID: 0}
  m_PrefabInstance: {fileID: 0}
  m_PrefabAsset: {fileID: 0}
  m_GameObject: {fileID: 413229906}
  m_LocalRotation: {x: 0.38268346, y: -0, z: -0, w: 0.9238796}
  m_LocalPosition: {x: 0, y: 30, z: -30}
  m_LocalScale: {x: 1, y: 1, z: 1}
  m_Children: []
  m_Father: {fileID: 2089575445}
  m_RootOrder: 2
  m_LocalEulerAnglesHint: {x: 45, y: 0, z: 0}
--- !u!81 &413229908
AudioListener:
  m_ObjectHideFlags: 0
  m_CorrespondingSourceObject: {fileID: 0}
  m_PrefabInstance: {fileID: 0}
  m_PrefabAsset: {fileID: 0}
  m_GameObject: {fileID: 413229906}
  m_Enabled: 0
--- !u!20 &413229909
Camera:
  m_ObjectHideFlags: 0
  m_CorrespondingSourceObject: {fileID: 0}
  m_PrefabInstance: {fileID: 0}
  m_PrefabAsset: {fileID: 0}
  m_GameObject: {fileID: 413229906}
  m_Enabled: 1
  serializedVersion: 2
  m_ClearFlags: 3
  m_BackGroundColor: {r: 0, g: 0, b: 0, a: 0}
  m_projectionMatrixMode: 1
  m_GateFitMode: 2
  m_FOVAxisMode: 0
  m_SensorSize: {x: 36, y: 24}
  m_LensShift: {x: 0, y: 0}
  m_FocalLength: 50
  m_NormalizedViewPortRect:
    serializedVersion: 2
    x: 0
    y: 0
    width: 1
    height: 1
  near clip plane: 0.3
  far clip plane: 1000
  field of view: 10
  orthographic: 0
  orthographic size: 150
  m_Depth: 0
  m_CullingMask:
    serializedVersion: 2
    m_Bits: 1847
  m_RenderingPath: -1
  m_TargetTexture: {fileID: 0}
  m_TargetDisplay: 0
  m_TargetEye: 3
  m_HDR: 1
  m_AllowMSAA: 1
  m_AllowDynamicResolution: 0
  m_ForceIntoRT: 0
  m_OcclusionCulling: 1
  m_StereoConvergence: 10
  m_StereoSeparation: 0.022
--- !u!114 &417521154 stripped
MonoBehaviour:
  m_CorrespondingSourceObject: {fileID: 8792236078249085925, guid: d271bccd06aad844f8e9d6fce0c64568,
    type: 3}
  m_PrefabInstance: {fileID: 8792236078654019047}
  m_PrefabAsset: {fileID: 0}
  m_GameObject: {fileID: 0}
  m_Enabled: 1
  m_EditorHideFlags: 0
  m_Script: {fileID: 11500000, guid: fe87c0e1cc204ed48ad3b37840f39efc, type: 3}
  m_Name: 
  m_EditorClassIdentifier: 
--- !u!114 &443344920 stripped
MonoBehaviour:
  m_CorrespondingSourceObject: {fileID: 8792236078290910719, guid: d271bccd06aad844f8e9d6fce0c64568,
    type: 3}
  m_PrefabInstance: {fileID: 8792236078654019047}
  m_PrefabAsset: {fileID: 0}
  m_GameObject: {fileID: 0}
  m_Enabled: 1
  m_EditorHideFlags: 0
  m_Script: {fileID: 11500000, guid: fe87c0e1cc204ed48ad3b37840f39efc, type: 3}
  m_Name: 
  m_EditorClassIdentifier: 
--- !u!1 &541170905
GameObject:
  m_ObjectHideFlags: 0
  m_CorrespondingSourceObject: {fileID: 0}
  m_PrefabInstance: {fileID: 0}
  m_PrefabAsset: {fileID: 0}
  serializedVersion: 6
  m_Component:
  - component: {fileID: 541170906}
  - component: {fileID: 541170908}
  - component: {fileID: 541170907}
  m_Layer: 0
  m_Name: FogProjector
  m_TagString: Untagged
  m_Icon: {fileID: 0}
  m_NavMeshLayer: 0
  m_StaticEditorFlags: 0
  m_IsActive: 0
--- !u!4 &541170906
Transform:
  m_ObjectHideFlags: 0
  m_CorrespondingSourceObject: {fileID: 0}
  m_PrefabInstance: {fileID: 0}
  m_PrefabAsset: {fileID: 0}
  m_GameObject: {fileID: 541170905}
  m_LocalRotation: {x: 0.38268343, y: 0, z: 0, w: 0.92387956}
  m_LocalPosition: {x: -0, y: 46.67, z: -46.67}
  m_LocalScale: {x: 1, y: 1, z: 1}
  m_Children: []
  m_Father: {fileID: 2089575445}
  m_RootOrder: 4
  m_LocalEulerAnglesHint: {x: 45, y: 0, z: 0}
--- !u!114 &541170907
MonoBehaviour:
  m_ObjectHideFlags: 0
  m_CorrespondingSourceObject: {fileID: 0}
  m_PrefabInstance: {fileID: 0}
  m_PrefabAsset: {fileID: 0}
  m_GameObject: {fileID: 541170905}
  m_Enabled: 1
  m_EditorHideFlags: 0
  m_Script: {fileID: 11500000, guid: dde1303049393ee4db131adf725811e8, type: 3}
  m_Name: 
  m_EditorClassIdentifier: 
--- !u!119 &541170908
Projector:
  m_ObjectHideFlags: 0
  m_CorrespondingSourceObject: {fileID: 0}
  m_PrefabInstance: {fileID: 0}
  m_PrefabAsset: {fileID: 0}
  m_GameObject: {fileID: 541170905}
  m_Enabled: 1
  serializedVersion: 2
  m_NearClipPlane: -1
  m_FarClipPlane: 100
  m_FieldOfView: 60
  m_AspectRatio: 1
  m_Orthographic: 1
  m_OrthographicSize: 20
  m_Material: {fileID: 2100000, guid: 65f5ee7aeeedbe94f957877e210d8a0c, type: 2}
  m_IgnoreLayers:
    serializedVersion: 2
    m_Bits: 32
--- !u!1 &629867767
GameObject:
  m_ObjectHideFlags: 0
  m_CorrespondingSourceObject: {fileID: 0}
  m_PrefabInstance: {fileID: 0}
  m_PrefabAsset: {fileID: 0}
  serializedVersion: 6
  m_Component:
  - component: {fileID: 629867768}
  - component: {fileID: 629867770}
  - component: {fileID: 629867769}
  m_Layer: 0
  m_Name: DarkFogProjector
  m_TagString: Untagged
  m_Icon: {fileID: 0}
  m_NavMeshLayer: 0
  m_StaticEditorFlags: 0
  m_IsActive: 0
--- !u!4 &629867768
Transform:
  m_ObjectHideFlags: 0
  m_CorrespondingSourceObject: {fileID: 0}
  m_PrefabInstance: {fileID: 0}
  m_PrefabAsset: {fileID: 0}
  m_GameObject: {fileID: 629867767}
  m_LocalRotation: {x: 0.38268343, y: 0, z: 0, w: 0.92387956}
  m_LocalPosition: {x: 0, y: 30, z: -30}
  m_LocalScale: {x: 1, y: 1, z: 1}
  m_Children: []
  m_Father: {fileID: 2089575445}
  m_RootOrder: 3
  m_LocalEulerAnglesHint: {x: 45, y: 0, z: 0}
--- !u!114 &629867769
MonoBehaviour:
  m_ObjectHideFlags: 0
  m_CorrespondingSourceObject: {fileID: 0}
  m_PrefabInstance: {fileID: 0}
  m_PrefabAsset: {fileID: 0}
  m_GameObject: {fileID: 629867767}
  m_Enabled: 1
  m_EditorHideFlags: 0
  m_Script: {fileID: 11500000, guid: dde1303049393ee4db131adf725811e8, type: 3}
  m_Name: 
  m_EditorClassIdentifier: 
--- !u!119 &629867770
Projector:
  m_ObjectHideFlags: 0
  m_CorrespondingSourceObject: {fileID: 0}
  m_PrefabInstance: {fileID: 0}
  m_PrefabAsset: {fileID: 0}
  m_GameObject: {fileID: 629867767}
  m_Enabled: 1
  serializedVersion: 2
  m_NearClipPlane: 0.1
  m_FarClipPlane: 100
  m_FieldOfView: 60
  m_AspectRatio: 1
  m_Orthographic: 1
  m_OrthographicSize: 150
  m_Material: {fileID: 2100000, guid: e636fb21f15ba534e8c39cc422a1bb20, type: 2}
  m_IgnoreLayers:
    serializedVersion: 2
    m_Bits: 32
--- !u!114 &650913988 stripped
MonoBehaviour:
  m_CorrespondingSourceObject: {fileID: 7620497272081148512, guid: 0ad35097d0e181a45a06412a65cf65aa,
    type: 3}
  m_PrefabInstance: {fileID: 7620497272663884452}
  m_PrefabAsset: {fileID: 0}
  m_GameObject: {fileID: 0}
  m_Enabled: 1
  m_EditorHideFlags: 0
  m_Script: {fileID: 11500000, guid: 46a76c50f29aba14f885dfe0bb975800, type: 3}
  m_Name: 
  m_EditorClassIdentifier: 
--- !u!1 &653815654
GameObject:
  m_ObjectHideFlags: 0
  m_CorrespondingSourceObject: {fileID: 0}
  m_PrefabInstance: {fileID: 0}
  m_PrefabAsset: {fileID: 0}
  serializedVersion: 6
  m_Component:
  - component: {fileID: 653815658}
  - component: {fileID: 653815657}
  - component: {fileID: 653815656}
  - component: {fileID: 653815655}
  m_Layer: 11
  m_Name: Plane (1)
  m_TagString: Untagged
  m_Icon: {fileID: 0}
  m_NavMeshLayer: 0
  m_StaticEditorFlags: 0
  m_IsActive: 0
--- !u!64 &653815655
MeshCollider:
  m_ObjectHideFlags: 0
  m_CorrespondingSourceObject: {fileID: 0}
  m_PrefabInstance: {fileID: 0}
  m_PrefabAsset: {fileID: 0}
  m_GameObject: {fileID: 653815654}
  m_Material: {fileID: 0}
  m_IsTrigger: 0
  m_Enabled: 1
  serializedVersion: 3
  m_Convex: 0
  m_CookingOptions: 30
  m_Mesh: {fileID: 10209, guid: 0000000000000000e000000000000000, type: 0}
--- !u!23 &653815656
MeshRenderer:
  m_ObjectHideFlags: 0
  m_CorrespondingSourceObject: {fileID: 0}
  m_PrefabInstance: {fileID: 0}
  m_PrefabAsset: {fileID: 0}
  m_GameObject: {fileID: 653815654}
  m_Enabled: 1
  m_CastShadows: 1
  m_ReceiveShadows: 1
  m_DynamicOccludee: 1
  m_MotionVectors: 1
  m_LightProbeUsage: 1
  m_ReflectionProbeUsage: 1
  m_RayTracingMode: 2
  m_RenderingLayerMask: 1
  m_RendererPriority: 0
  m_Materials:
  - {fileID: 2100000, guid: bdb8385cdb3731644b0eacab5ee5436a, type: 2}
  m_StaticBatchInfo:
    firstSubMesh: 0
    subMeshCount: 0
  m_StaticBatchRoot: {fileID: 0}
  m_ProbeAnchor: {fileID: 0}
  m_LightProbeVolumeOverride: {fileID: 0}
  m_ScaleInLightmap: 1
  m_ReceiveGI: 1
  m_PreserveUVs: 0
  m_IgnoreNormalsForChartDetection: 0
  m_ImportantGI: 0
  m_StitchLightmapSeams: 1
  m_SelectedEditorRenderState: 3
  m_MinimumChartSize: 4
  m_AutoUVMaxDistance: 0.5
  m_AutoUVMaxAngle: 89
  m_LightmapParameters: {fileID: 0}
  m_SortingLayerID: 0
  m_SortingLayer: 0
  m_SortingOrder: 0
--- !u!33 &653815657
MeshFilter:
  m_ObjectHideFlags: 0
  m_CorrespondingSourceObject: {fileID: 0}
  m_PrefabInstance: {fileID: 0}
  m_PrefabAsset: {fileID: 0}
  m_GameObject: {fileID: 653815654}
  m_Mesh: {fileID: 10209, guid: 0000000000000000e000000000000000, type: 0}
--- !u!4 &653815658
Transform:
  m_ObjectHideFlags: 0
  m_CorrespondingSourceObject: {fileID: 0}
  m_PrefabInstance: {fileID: 0}
  m_PrefabAsset: {fileID: 0}
  m_GameObject: {fileID: 653815654}
  m_LocalRotation: {x: 0, y: 0, z: 0, w: 1}
  m_LocalPosition: {x: 0, y: 7.5, z: 0}
  m_LocalScale: {x: 3.4038, y: 1, z: 2.9789}
  m_Children: []
  m_Father: {fileID: 0}
  m_RootOrder: 5
  m_LocalEulerAnglesHint: {x: 0, y: 0, z: 0}
--- !u!1 &756667055
GameObject:
  m_ObjectHideFlags: 0
  m_CorrespondingSourceObject: {fileID: 0}
  m_PrefabInstance: {fileID: 0}
  m_PrefabAsset: {fileID: 0}
  serializedVersion: 6
  m_Component:
  - component: {fileID: 756667057}
  - component: {fileID: 756667056}
  m_Layer: 0
  m_Name: Directional Light
  m_TagString: Untagged
  m_Icon: {fileID: 0}
  m_NavMeshLayer: 0
  m_StaticEditorFlags: 0
  m_IsActive: 1
--- !u!108 &756667056
Light:
  m_ObjectHideFlags: 0
  m_CorrespondingSourceObject: {fileID: 0}
  m_PrefabInstance: {fileID: 0}
  m_PrefabAsset: {fileID: 0}
  m_GameObject: {fileID: 756667055}
  m_Enabled: 1
  serializedVersion: 10
  m_Type: 1
  m_Shape: 0
  m_Color: {r: 1, g: 0.95686275, b: 0.8392157, a: 1}
  m_Intensity: 1
  m_Range: 10
  m_SpotAngle: 30
  m_InnerSpotAngle: 21.80208
  m_CookieSize: 10
  m_Shadows:
    m_Type: 2
    m_Resolution: -1
    m_CustomResolution: -1
    m_Strength: 1
    m_Bias: 0.05
    m_NormalBias: 0.4
    m_NearPlane: 0.2
    m_CullingMatrixOverride:
      e00: 1
      e01: 0
      e02: 0
      e03: 0
      e10: 0
      e11: 1
      e12: 0
      e13: 0
      e20: 0
      e21: 0
      e22: 1
      e23: 0
      e30: 0
      e31: 0
      e32: 0
      e33: 1
    m_UseCullingMatrixOverride: 0
  m_Cookie: {fileID: 0}
  m_DrawHalo: 0
  m_Flare: {fileID: 0}
  m_RenderMode: 0
  m_CullingMask:
    serializedVersion: 2
    m_Bits: 4294967295
  m_RenderingLayerMask: 1
  m_Lightmapping: 4
  m_LightShadowCasterMode: 0
  m_AreaSize: {x: 1, y: 1}
  m_BounceIntensity: 1
  m_ColorTemperature: 6570
  m_UseColorTemperature: 0
  m_BoundingSphereOverride: {x: 0, y: 0, z: 0, w: 0}
  m_UseBoundingSphereOverride: 0
  m_ShadowRadius: 0
  m_ShadowAngle: 0
--- !u!4 &756667057
Transform:
  m_ObjectHideFlags: 0
  m_CorrespondingSourceObject: {fileID: 0}
  m_PrefabInstance: {fileID: 0}
  m_PrefabAsset: {fileID: 0}
  m_GameObject: {fileID: 756667055}
  m_LocalRotation: {x: 0.40821788, y: -0.23456968, z: 0.10938163, w: 0.8754261}
  m_LocalPosition: {x: 0, y: 3, z: 0}
  m_LocalScale: {x: 1, y: 1, z: 1}
  m_Children: []
  m_Father: {fileID: 0}
  m_RootOrder: 0
  m_LocalEulerAnglesHint: {x: 50, y: -30, z: 0}
--- !u!114 &919058258 stripped
MonoBehaviour:
  m_CorrespondingSourceObject: {fileID: 8792236079018959541, guid: d271bccd06aad844f8e9d6fce0c64568,
    type: 3}
  m_PrefabInstance: {fileID: 8792236078654019047}
  m_PrefabAsset: {fileID: 0}
  m_GameObject: {fileID: 0}
  m_Enabled: 1
  m_EditorHideFlags: 0
  m_Script: {fileID: 11500000, guid: f4688fdb7df04437aeb418b961361dc5, type: 3}
  m_Name: 
  m_EditorClassIdentifier: 
--- !u!1 &1208499136
GameObject:
  m_ObjectHideFlags: 0
  m_CorrespondingSourceObject: {fileID: 0}
  m_PrefabInstance: {fileID: 0}
  m_PrefabAsset: {fileID: 0}
  serializedVersion: 6
  m_Component:
  - component: {fileID: 1208499137}
  - component: {fileID: 1208499139}
  - component: {fileID: 1208499138}
  m_Layer: 9
  m_Name: MeshGenerator
  m_TagString: Untagged
  m_Icon: {fileID: 0}
  m_NavMeshLayer: 0
  m_StaticEditorFlags: 0
  m_IsActive: 0
--- !u!4 &1208499137
Transform:
  m_ObjectHideFlags: 0
  m_CorrespondingSourceObject: {fileID: 0}
  m_PrefabInstance: {fileID: 0}
  m_PrefabAsset: {fileID: 0}
  m_GameObject: {fileID: 1208499136}
  m_LocalRotation: {x: 0, y: 0, z: 0, w: 1}
  m_LocalPosition: {x: 0, y: 1.12, z: 0}
  m_LocalScale: {x: 1, y: 1, z: 1}
  m_Children: []
  m_Father: {fileID: 63420216}
  m_RootOrder: 0
  m_LocalEulerAnglesHint: {x: 0, y: 0, z: 0}
--- !u!23 &1208499138
MeshRenderer:
  m_ObjectHideFlags: 0
  m_CorrespondingSourceObject: {fileID: 0}
  m_PrefabInstance: {fileID: 0}
  m_PrefabAsset: {fileID: 0}
  m_GameObject: {fileID: 1208499136}
  m_Enabled: 1
  m_CastShadows: 0
  m_ReceiveShadows: 1
  m_DynamicOccludee: 1
  m_MotionVectors: 1
  m_LightProbeUsage: 1
  m_ReflectionProbeUsage: 1
  m_RayTracingMode: 2
  m_RenderingLayerMask: 1
  m_RendererPriority: 0
  m_Materials:
  - {fileID: 2100000, guid: 4aef367121124c745a08db90c051c7ad, type: 2}
  m_StaticBatchInfo:
    firstSubMesh: 0
    subMeshCount: 0
  m_StaticBatchRoot: {fileID: 0}
  m_ProbeAnchor: {fileID: 0}
  m_LightProbeVolumeOverride: {fileID: 0}
  m_ScaleInLightmap: 1
  m_ReceiveGI: 1
  m_PreserveUVs: 0
  m_IgnoreNormalsForChartDetection: 0
  m_ImportantGI: 0
  m_StitchLightmapSeams: 1
  m_SelectedEditorRenderState: 3
  m_MinimumChartSize: 4
  m_AutoUVMaxDistance: 0.5
  m_AutoUVMaxAngle: 89
  m_LightmapParameters: {fileID: 0}
  m_SortingLayerID: 0
  m_SortingLayer: 0
  m_SortingOrder: 0
--- !u!33 &1208499139
MeshFilter:
  m_ObjectHideFlags: 0
  m_CorrespondingSourceObject: {fileID: 0}
  m_PrefabInstance: {fileID: 0}
  m_PrefabAsset: {fileID: 0}
  m_GameObject: {fileID: 1208499136}
  m_Mesh: {fileID: 10209, guid: 0000000000000000e000000000000000, type: 0}
--- !u!114 &1238664715 stripped
MonoBehaviour:
  m_CorrespondingSourceObject: {fileID: 8792236077426365420, guid: d271bccd06aad844f8e9d6fce0c64568,
    type: 3}
  m_PrefabInstance: {fileID: 8792236078654019047}
  m_PrefabAsset: {fileID: 0}
  m_GameObject: {fileID: 0}
  m_Enabled: 1
  m_EditorHideFlags: 0
  m_Script: {fileID: 11500000, guid: fe87c0e1cc204ed48ad3b37840f39efc, type: 3}
  m_Name: 
  m_EditorClassIdentifier: 
--- !u!1001 &1242215070
PrefabInstance:
  m_ObjectHideFlags: 0
  serializedVersion: 2
  m_Modification:
    m_TransformParent: {fileID: 0}
    m_Modifications:
    - target: {fileID: 208490906231226229, guid: 032e253205ae0ec479b674d7063fb1fd,
        type: 3}
      propertyPath: m_Name
      value: Hoplite
      objectReference: {fileID: 0}
    - target: {fileID: 208490906231226230, guid: 032e253205ae0ec479b674d7063fb1fd,
        type: 3}
      propertyPath: unitType
      value: 
      objectReference: {fileID: 11400000, guid: 829c947a9d26ec543a9e218632577b9d,
        type: 2}
    - target: {fileID: 3801016675279129958, guid: 032e253205ae0ec479b674d7063fb1fd,
        type: 3}
      propertyPath: m_LocalPosition.x
      value: 12.110746
      objectReference: {fileID: 0}
    - target: {fileID: 3801016675279129958, guid: 032e253205ae0ec479b674d7063fb1fd,
        type: 3}
      propertyPath: m_LocalPosition.y
      value: 3.02573e-17
      objectReference: {fileID: 0}
    - target: {fileID: 3801016675279129958, guid: 032e253205ae0ec479b674d7063fb1fd,
        type: 3}
      propertyPath: m_LocalPosition.z
      value: -4.059251
      objectReference: {fileID: 0}
    - target: {fileID: 3801016675279129958, guid: 032e253205ae0ec479b674d7063fb1fd,
        type: 3}
      propertyPath: m_LocalRotation.x
      value: 0
      objectReference: {fileID: 0}
    - target: {fileID: 3801016675279129958, guid: 032e253205ae0ec479b674d7063fb1fd,
        type: 3}
      propertyPath: m_LocalRotation.y
      value: 1
      objectReference: {fileID: 0}
    - target: {fileID: 3801016675279129958, guid: 032e253205ae0ec479b674d7063fb1fd,
        type: 3}
      propertyPath: m_LocalRotation.z
      value: 0
      objectReference: {fileID: 0}
    - target: {fileID: 3801016675279129958, guid: 032e253205ae0ec479b674d7063fb1fd,
        type: 3}
      propertyPath: m_LocalRotation.w
      value: 0
      objectReference: {fileID: 0}
    - target: {fileID: 3801016675279129958, guid: 032e253205ae0ec479b674d7063fb1fd,
        type: 3}
      propertyPath: m_RootOrder
      value: 2
      objectReference: {fileID: 0}
    - target: {fileID: 3801016675279129958, guid: 032e253205ae0ec479b674d7063fb1fd,
        type: 3}
      propertyPath: m_LocalEulerAnglesHint.x
      value: 0
      objectReference: {fileID: 0}
    - target: {fileID: 3801016675279129958, guid: 032e253205ae0ec479b674d7063fb1fd,
        type: 3}
      propertyPath: m_LocalEulerAnglesHint.y
      value: 180
      objectReference: {fileID: 0}
    - target: {fileID: 3801016675279129958, guid: 032e253205ae0ec479b674d7063fb1fd,
        type: 3}
      propertyPath: m_LocalEulerAnglesHint.z
      value: 0
      objectReference: {fileID: 0}
    m_RemovedComponents: []
  m_SourcePrefab: {fileID: 100100000, guid: 032e253205ae0ec479b674d7063fb1fd, type: 3}
--- !u!114 &1288629015 stripped
MonoBehaviour:
  m_CorrespondingSourceObject: {fileID: 8792236077508542192, guid: d271bccd06aad844f8e9d6fce0c64568,
    type: 3}
  m_PrefabInstance: {fileID: 8792236078654019047}
  m_PrefabAsset: {fileID: 0}
  m_GameObject: {fileID: 0}
  m_Enabled: 1
  m_EditorHideFlags: 0
  m_Script: {fileID: 11500000, guid: f4688fdb7df04437aeb418b961361dc5, type: 3}
  m_Name: 
  m_EditorClassIdentifier: 
--- !u!114 &1603446334 stripped
MonoBehaviour:
  m_CorrespondingSourceObject: {fileID: 8792236077254013913, guid: d271bccd06aad844f8e9d6fce0c64568,
    type: 3}
  m_PrefabInstance: {fileID: 8792236078654019047}
  m_PrefabAsset: {fileID: 0}
  m_GameObject: {fileID: 0}
  m_Enabled: 1
  m_EditorHideFlags: 0
  m_Script: {fileID: 11500000, guid: 4e29b1a8efbd4b44bb3f3716e73f07ff, type: 3}
  m_Name: 
  m_EditorClassIdentifier: 
--- !u!1 &1614257703 stripped
GameObject:
  m_CorrespondingSourceObject: {fileID: 8792236078120324032, guid: d271bccd06aad844f8e9d6fce0c64568,
    type: 3}
  m_PrefabInstance: {fileID: 8792236078654019047}
  m_PrefabAsset: {fileID: 0}
--- !u!114 &1646831835 stripped
MonoBehaviour:
  m_CorrespondingSourceObject: {fileID: 8792236078152252732, guid: d271bccd06aad844f8e9d6fce0c64568,
    type: 3}
  m_PrefabInstance: {fileID: 8792236078654019047}
  m_PrefabAsset: {fileID: 0}
  m_GameObject: {fileID: 0}
  m_Enabled: 1
  m_EditorHideFlags: 0
  m_Script: {fileID: 11500000, guid: f4688fdb7df04437aeb418b961361dc5, type: 3}
  m_Name: 
  m_EditorClassIdentifier: 
--- !u!114 &1684798243 stripped
MonoBehaviour:
  m_CorrespondingSourceObject: {fileID: 8792236078189784772, guid: d271bccd06aad844f8e9d6fce0c64568,
    type: 3}
  m_PrefabInstance: {fileID: 8792236078654019047}
  m_PrefabAsset: {fileID: 0}
  m_GameObject: {fileID: 0}
  m_Enabled: 1
  m_EditorHideFlags: 0
  m_Script: {fileID: 11500000, guid: 4e29b1a8efbd4b44bb3f3716e73f07ff, type: 3}
  m_Name: 
  m_EditorClassIdentifier: 
--- !u!114 &1847349738 stripped
MonoBehaviour:
  m_CorrespondingSourceObject: {fileID: 8792236078084359181, guid: d271bccd06aad844f8e9d6fce0c64568,
    type: 3}
  m_PrefabInstance: {fileID: 8792236078654019047}
  m_PrefabAsset: {fileID: 0}
  m_GameObject: {fileID: 0}
  m_Enabled: 1
  m_EditorHideFlags: 0
  m_Script: {fileID: 11500000, guid: 4e29b1a8efbd4b44bb3f3716e73f07ff, type: 3}
  m_Name: 
  m_EditorClassIdentifier: 
--- !u!1 &1850412580
GameObject:
  m_ObjectHideFlags: 0
  m_CorrespondingSourceObject: {fileID: 0}
  m_PrefabInstance: {fileID: 0}
  m_PrefabAsset: {fileID: 0}
  serializedVersion: 6
  m_Component:
  - component: {fileID: 1850412581}
  - component: {fileID: 1850412583}
  - component: {fileID: 1850412582}
  m_Layer: 11
  m_Name: FOV Camera Dark
  m_TagString: Untagged
  m_Icon: {fileID: 0}
  m_NavMeshLayer: 0
  m_StaticEditorFlags: 0
  m_IsActive: 0
--- !u!4 &1850412581
Transform:
  m_ObjectHideFlags: 0
  m_CorrespondingSourceObject: {fileID: 0}
  m_PrefabInstance: {fileID: 0}
  m_PrefabAsset: {fileID: 0}
  m_GameObject: {fileID: 1850412580}
  m_LocalRotation: {x: 0.38268343, y: 0, z: 0, w: 0.92387956}
  m_LocalPosition: {x: 0, y: 30, z: -30}
  m_LocalScale: {x: 1, y: 1, z: 1}
  m_Children: []
  m_Father: {fileID: 2089575445}
  m_RootOrder: 1
  m_LocalEulerAnglesHint: {x: 45, y: 0, z: 0}
--- !u!81 &1850412582
AudioListener:
  m_ObjectHideFlags: 0
  m_CorrespondingSourceObject: {fileID: 0}
  m_PrefabInstance: {fileID: 0}
  m_PrefabAsset: {fileID: 0}
  m_GameObject: {fileID: 1850412580}
  m_Enabled: 0
--- !u!20 &1850412583
Camera:
  m_ObjectHideFlags: 0
  m_CorrespondingSourceObject: {fileID: 0}
  m_PrefabInstance: {fileID: 0}
  m_PrefabAsset: {fileID: 0}
  m_GameObject: {fileID: 1850412580}
  m_Enabled: 1
  serializedVersion: 2
  m_ClearFlags: 4
  m_BackGroundColor: {r: 0, g: 0, b: 0, a: 0}
  m_projectionMatrixMode: 1
  m_GateFitMode: 2
  m_FOVAxisMode: 0
  m_SensorSize: {x: 36, y: 24}
  m_LensShift: {x: 0, y: 0}
  m_FocalLength: 50
  m_NormalizedViewPortRect:
    serializedVersion: 2
    x: 0
    y: 0
    width: 1
    height: 1
  near clip plane: 0.3
  far clip plane: 1000
  field of view: 10
  orthographic: 1
  orthographic size: 150
  m_Depth: 2
  m_CullingMask:
    serializedVersion: 2
    m_Bits: 1024
  m_RenderingPath: -1
  m_TargetTexture: {fileID: 8400000, guid: 84a171446065b5b46bc5e7c8c20f4457, type: 2}
  m_TargetDisplay: 0
  m_TargetEye: 3
  m_HDR: 1
  m_AllowMSAA: 1
  m_AllowDynamicResolution: 0
  m_ForceIntoRT: 0
  m_OcclusionCulling: 1
  m_StereoConvergence: 10
  m_StereoSeparation: 0.022
--- !u!114 &1892485963 stripped
MonoBehaviour:
  m_CorrespondingSourceObject: {fileID: 8792236077844192940, guid: d271bccd06aad844f8e9d6fce0c64568,
    type: 3}
  m_PrefabInstance: {fileID: 8792236078654019047}
  m_PrefabAsset: {fileID: 0}
  m_GameObject: {fileID: 0}
  m_Enabled: 1
  m_EditorHideFlags: 0
  m_Script: {fileID: 11500000, guid: 4e29b1a8efbd4b44bb3f3716e73f07ff, type: 3}
  m_Name: 
  m_EditorClassIdentifier: 
--- !u!114 &1928873082 stripped
MonoBehaviour:
  m_CorrespondingSourceObject: {fileID: 8792236077880676765, guid: d271bccd06aad844f8e9d6fce0c64568,
    type: 3}
  m_PrefabInstance: {fileID: 8792236078654019047}
  m_PrefabAsset: {fileID: 0}
  m_GameObject: {fileID: 0}
  m_Enabled: 1
  m_EditorHideFlags: 0
  m_Script: {fileID: 11500000, guid: fe87c0e1cc204ed48ad3b37840f39efc, type: 3}
  m_Name: 
  m_EditorClassIdentifier: 
--- !u!1 &1936703693
GameObject:
  m_ObjectHideFlags: 0
  m_CorrespondingSourceObject: {fileID: 0}
  m_PrefabInstance: {fileID: 0}
  m_PrefabAsset: {fileID: 0}
  serializedVersion: 6
  m_Component:
  - component: {fileID: 1936703697}
  - component: {fileID: 1936703696}
  - component: {fileID: 1936703695}
  - component: {fileID: 1936703694}
  m_Layer: 0
  m_Name: Plane
  m_TagString: Untagged
  m_Icon: {fileID: 0}
  m_NavMeshLayer: 0
  m_StaticEditorFlags: 0
  m_IsActive: 1
--- !u!64 &1936703694
MeshCollider:
  m_ObjectHideFlags: 0
  m_CorrespondingSourceObject: {fileID: 0}
  m_PrefabInstance: {fileID: 0}
  m_PrefabAsset: {fileID: 0}
  m_GameObject: {fileID: 1936703693}
  m_Material: {fileID: 0}
  m_IsTrigger: 0
  m_Enabled: 1
  serializedVersion: 3
  m_Convex: 0
  m_CookingOptions: 30
  m_Mesh: {fileID: 10209, guid: 0000000000000000e000000000000000, type: 0}
--- !u!23 &1936703695
MeshRenderer:
  m_ObjectHideFlags: 0
  m_CorrespondingSourceObject: {fileID: 0}
  m_PrefabInstance: {fileID: 0}
  m_PrefabAsset: {fileID: 0}
  m_GameObject: {fileID: 1936703693}
  m_Enabled: 1
  m_CastShadows: 1
  m_ReceiveShadows: 1
  m_DynamicOccludee: 1
  m_MotionVectors: 1
  m_LightProbeUsage: 1
  m_ReflectionProbeUsage: 1
  m_RayTracingMode: 2
  m_RenderingLayerMask: 1
  m_RendererPriority: 0
  m_Materials:
  - {fileID: 10303, guid: 0000000000000000f000000000000000, type: 0}
  m_StaticBatchInfo:
    firstSubMesh: 0
    subMeshCount: 0
  m_StaticBatchRoot: {fileID: 0}
  m_ProbeAnchor: {fileID: 0}
  m_LightProbeVolumeOverride: {fileID: 0}
  m_ScaleInLightmap: 1
  m_ReceiveGI: 1
  m_PreserveUVs: 0
  m_IgnoreNormalsForChartDetection: 0
  m_ImportantGI: 0
  m_StitchLightmapSeams: 1
  m_SelectedEditorRenderState: 3
  m_MinimumChartSize: 4
  m_AutoUVMaxDistance: 0.5
  m_AutoUVMaxAngle: 89
  m_LightmapParameters: {fileID: 0}
  m_SortingLayerID: 0
  m_SortingLayer: 0
  m_SortingOrder: 0
--- !u!33 &1936703696
MeshFilter:
  m_ObjectHideFlags: 0
  m_CorrespondingSourceObject: {fileID: 0}
  m_PrefabInstance: {fileID: 0}
  m_PrefabAsset: {fileID: 0}
  m_GameObject: {fileID: 1936703693}
  m_Mesh: {fileID: 10209, guid: 0000000000000000e000000000000000, type: 0}
--- !u!4 &1936703697
Transform:
  m_ObjectHideFlags: 0
  m_CorrespondingSourceObject: {fileID: 0}
  m_PrefabInstance: {fileID: 0}
  m_PrefabAsset: {fileID: 0}
  m_GameObject: {fileID: 1936703693}
  m_LocalRotation: {x: 0, y: 0, z: 0, w: 1}
  m_LocalPosition: {x: 0.5, y: 0, z: 0}
  m_LocalScale: {x: 5.778631, y: 1, z: 6.110915}
  m_Children: []
  m_Father: {fileID: 0}
  m_RootOrder: 4
  m_LocalEulerAnglesHint: {x: 0, y: 0, z: 0}
--- !u!114 &1941708157 stripped
MonoBehaviour:
  m_CorrespondingSourceObject: {fileID: 8792236077859981466, guid: d271bccd06aad844f8e9d6fce0c64568,
    type: 3}
  m_PrefabInstance: {fileID: 8792236078654019047}
  m_PrefabAsset: {fileID: 0}
  m_GameObject: {fileID: 0}
  m_Enabled: 1
  m_EditorHideFlags: 0
  m_Script: {fileID: 11500000, guid: f4688fdb7df04437aeb418b961361dc5, type: 3}
  m_Name: 
  m_EditorClassIdentifier: 
--- !u!4 &2089575445 stripped
Transform:
  m_CorrespondingSourceObject: {fileID: 7886825103593673119, guid: b73b9c903fca45e488991bfd2d057d74,
    type: 3}
  m_PrefabInstance: {fileID: 7886825103535240586}
  m_PrefabAsset: {fileID: 0}
--- !u!1 &2094170633
GameObject:
  m_ObjectHideFlags: 0
  m_CorrespondingSourceObject: {fileID: 0}
  m_PrefabInstance: {fileID: 0}
  m_PrefabAsset: {fileID: 0}
  serializedVersion: 6
  m_Component:
  - component: {fileID: 2094170636}
  - component: {fileID: 2094170635}
  - component: {fileID: 2094170634}
  m_Layer: 0
  m_Name: GameObject
  m_TagString: Untagged
  m_Icon: {fileID: 0}
  m_NavMeshLayer: 0
  m_StaticEditorFlags: 0
  m_IsActive: 1
--- !u!114 &2094170634
MonoBehaviour:
  m_ObjectHideFlags: 0
  m_CorrespondingSourceObject: {fileID: 0}
  m_PrefabInstance: {fileID: 0}
  m_PrefabAsset: {fileID: 0}
  m_GameObject: {fileID: 2094170633}
  m_Enabled: 1
  m_EditorHideFlags: 0
  m_Script: {fileID: 11500000, guid: 90068e414d27ac34ea4607997e22a1e4, type: 3}
  m_Name: 
  m_EditorClassIdentifier: 
  menu: {fileID: 1614257703}
  progressBarBarracks: {fileID: 417521154}
  progressBarMain: {fileID: 1238664715}
  name: {fileID: 919058258}
  description: {fileID: 1941708157}
  damage: {fileID: 1288629015}
  defense: {fileID: 1646831835}
  BuildHoplite: {fileID: 1847349738}
  BuildWorker: {fileID: 1684798243}
  BuildMain: {fileID: 1603446334}
  BuildBarracks: {fileID: 158015497}
  BuildFarm: {fileID: 1892485963}
  healthBar: {fileID: 1928873082}
--- !u!114 &2094170635
MonoBehaviour:
  m_ObjectHideFlags: 0
  m_CorrespondingSourceObject: {fileID: 0}
  m_PrefabInstance: {fileID: 0}
  m_PrefabAsset: {fileID: 0}
  m_GameObject: {fileID: 2094170633}
  m_Enabled: 1
  m_EditorHideFlags: 0
  m_Script: {fileID: 11500000, guid: 3ec5f699df143c543871d1dd20148a1f, type: 3}
  m_Name: 
  m_EditorClassIdentifier: 
--- !u!4 &2094170636
Transform:
  m_ObjectHideFlags: 0
  m_CorrespondingSourceObject: {fileID: 0}
  m_PrefabInstance: {fileID: 0}
  m_PrefabAsset: {fileID: 0}
  m_GameObject: {fileID: 2094170633}
  m_LocalRotation: {x: 0, y: 0, z: 0, w: 1}
  m_LocalPosition: {x: 163.40735, y: 71.06876, z: -56.0625}
  m_LocalScale: {x: 1, y: 1, z: 1}
  m_Children: []
  m_Father: {fileID: 0}
  m_RootOrder: 11
  m_LocalEulerAnglesHint: {x: 0, y: 0, z: 0}
--- !u!114 &2468129291751641104 stripped
MonoBehaviour:
  m_CorrespondingSourceObject: {fileID: 6360422578134975991, guid: d271bccd06aad844f8e9d6fce0c64568,
    type: 3}
  m_PrefabInstance: {fileID: 8792236078654019047}
  m_PrefabAsset: {fileID: 0}
  m_GameObject: {fileID: 0}
  m_Enabled: 1
  m_EditorHideFlags: 0
  m_Script: {fileID: 11500000, guid: fe87c0e1cc204ed48ad3b37840f39efc, type: 3}
  m_Name: 
  m_EditorClassIdentifier: 
--- !u!1 &2814842244046902941 stripped
GameObject:
  m_CorrespondingSourceObject: {fileID: 6175660592172429738, guid: 34c7494bff2c0b1418eebc54af9ad119,
    type: 3}
  m_PrefabInstance: {fileID: 8260743618998642487}
  m_PrefabAsset: {fileID: 0}
--- !u!114 &2814842244046902942 stripped
MonoBehaviour:
  m_CorrespondingSourceObject: {fileID: 567043395082901604, guid: 34c7494bff2c0b1418eebc54af9ad119,
    type: 3}
  m_PrefabInstance: {fileID: 8260743618998642487}
  m_PrefabAsset: {fileID: 0}
  m_GameObject: {fileID: 2814842244046902941}
  m_Enabled: 1
  m_EditorHideFlags: 0
  m_Script: {fileID: 11500000, guid: 46a76c50f29aba14f885dfe0bb975800, type: 3}
  m_Name: 
  m_EditorClassIdentifier: 
--- !u!64 &2814842244046902943
MeshCollider:
  m_ObjectHideFlags: 0
  m_CorrespondingSourceObject: {fileID: 0}
  m_PrefabInstance: {fileID: 0}
  m_PrefabAsset: {fileID: 0}
  m_GameObject: {fileID: 2814842244046902941}
  m_Material: {fileID: 0}
  m_IsTrigger: 0
  m_Enabled: 1
  serializedVersion: 3
  m_Convex: 0
  m_CookingOptions: 30
  m_Mesh: {fileID: -1553345973517955217, guid: b33b426aef47b5e43ac47f1adf340190, type: 3}
--- !u!1001 &3435931333935618111
PrefabInstance:
  m_ObjectHideFlags: 0
  serializedVersion: 2
  m_Modification:
    m_TransformParent: {fileID: 0}
    m_Modifications:
    - target: {fileID: 3435931335816801741, guid: 02744c387425b0c41a1db25cefbdd416,
        type: 3}
      propertyPath: m_LocalPosition.x
      value: 318.7571
      objectReference: {fileID: 0}
    - target: {fileID: 3435931335816801741, guid: 02744c387425b0c41a1db25cefbdd416,
        type: 3}
      propertyPath: m_LocalPosition.y
      value: 25.093554
      objectReference: {fileID: 0}
    - target: {fileID: 3435931335816801741, guid: 02744c387425b0c41a1db25cefbdd416,
        type: 3}
      propertyPath: m_LocalPosition.z
      value: -11.488436
      objectReference: {fileID: 0}
    - target: {fileID: 3435931335816801741, guid: 02744c387425b0c41a1db25cefbdd416,
        type: 3}
      propertyPath: m_LocalRotation.x
      value: 0
      objectReference: {fileID: 0}
    - target: {fileID: 3435931335816801741, guid: 02744c387425b0c41a1db25cefbdd416,
        type: 3}
      propertyPath: m_LocalRotation.y
      value: 0
      objectReference: {fileID: 0}
    - target: {fileID: 3435931335816801741, guid: 02744c387425b0c41a1db25cefbdd416,
        type: 3}
      propertyPath: m_LocalRotation.z
      value: 0
      objectReference: {fileID: 0}
    - target: {fileID: 3435931335816801741, guid: 02744c387425b0c41a1db25cefbdd416,
        type: 3}
      propertyPath: m_LocalRotation.w
      value: 1
      objectReference: {fileID: 0}
    - target: {fileID: 3435931335816801741, guid: 02744c387425b0c41a1db25cefbdd416,
        type: 3}
      propertyPath: m_RootOrder
      value: 10
      objectReference: {fileID: 0}
    - target: {fileID: 3435931335816801741, guid: 02744c387425b0c41a1db25cefbdd416,
        type: 3}
      propertyPath: m_LocalEulerAnglesHint.x
      value: 0
      objectReference: {fileID: 0}
    - target: {fileID: 3435931335816801741, guid: 02744c387425b0c41a1db25cefbdd416,
        type: 3}
      propertyPath: m_LocalEulerAnglesHint.y
      value: 0
      objectReference: {fileID: 0}
    - target: {fileID: 3435931335816801741, guid: 02744c387425b0c41a1db25cefbdd416,
        type: 3}
      propertyPath: m_LocalEulerAnglesHint.z
      value: 0
      objectReference: {fileID: 0}
    - target: {fileID: 3435931335816801743, guid: 02744c387425b0c41a1db25cefbdd416,
        type: 3}
      propertyPath: m_Name
      value: A*
      objectReference: {fileID: 0}
    m_RemovedComponents: []
  m_SourcePrefab: {fileID: 100100000, guid: 02744c387425b0c41a1db25cefbdd416, type: 3}
--- !u!1001 &4953029271291214304
PrefabInstance:
  m_ObjectHideFlags: 0
  serializedVersion: 2
  m_Modification:
    m_TransformParent: {fileID: 2089575445}
    m_Modifications:
    - target: {fileID: 4953029270748102548, guid: 2a2635fce129a7e4ba5ddf44bfbce3ee,
        type: 3}
      propertyPath: m_Name
      value: MinimapCamera
      objectReference: {fileID: 0}
    - target: {fileID: 4953029270748102551, guid: 2a2635fce129a7e4ba5ddf44bfbce3ee,
        type: 3}
      propertyPath: m_LocalPosition.x
      value: 0
      objectReference: {fileID: 0}
    - target: {fileID: 4953029270748102551, guid: 2a2635fce129a7e4ba5ddf44bfbce3ee,
        type: 3}
      propertyPath: m_LocalPosition.y
      value: 30
      objectReference: {fileID: 0}
    - target: {fileID: 4953029270748102551, guid: 2a2635fce129a7e4ba5ddf44bfbce3ee,
        type: 3}
      propertyPath: m_LocalPosition.z
      value: 0
      objectReference: {fileID: 0}
    - target: {fileID: 4953029270748102551, guid: 2a2635fce129a7e4ba5ddf44bfbce3ee,
        type: 3}
      propertyPath: m_LocalRotation.x
      value: 0.6532815
      objectReference: {fileID: 0}
    - target: {fileID: 4953029270748102551, guid: 2a2635fce129a7e4ba5ddf44bfbce3ee,
        type: 3}
      propertyPath: m_LocalRotation.y
      value: -0.27059802
      objectReference: {fileID: 0}
    - target: {fileID: 4953029270748102551, guid: 2a2635fce129a7e4ba5ddf44bfbce3ee,
        type: 3}
      propertyPath: m_LocalRotation.z
      value: 0.27059802
      objectReference: {fileID: 0}
    - target: {fileID: 4953029270748102551, guid: 2a2635fce129a7e4ba5ddf44bfbce3ee,
        type: 3}
      propertyPath: m_LocalRotation.w
      value: 0.6532815
      objectReference: {fileID: 0}
    - target: {fileID: 4953029270748102551, guid: 2a2635fce129a7e4ba5ddf44bfbce3ee,
        type: 3}
      propertyPath: m_RootOrder
      value: 5
      objectReference: {fileID: 0}
    - target: {fileID: 4953029270748102551, guid: 2a2635fce129a7e4ba5ddf44bfbce3ee,
        type: 3}
      propertyPath: m_LocalEulerAnglesHint.x
      value: 90
      objectReference: {fileID: 0}
    - target: {fileID: 4953029270748102551, guid: 2a2635fce129a7e4ba5ddf44bfbce3ee,
        type: 3}
      propertyPath: m_LocalEulerAnglesHint.y
      value: 0
      objectReference: {fileID: 0}
    - target: {fileID: 4953029270748102551, guid: 2a2635fce129a7e4ba5ddf44bfbce3ee,
        type: 3}
      propertyPath: m_LocalEulerAnglesHint.z
      value: 0
      objectReference: {fileID: 0}
    m_RemovedComponents: []
  m_SourcePrefab: {fileID: 100100000, guid: 2a2635fce129a7e4ba5ddf44bfbce3ee, type: 3}
--- !u!1001 &7620497272663884452
PrefabInstance:
  m_ObjectHideFlags: 0
  serializedVersion: 2
  m_Modification:
    m_TransformParent: {fileID: 0}
    m_Modifications:
    - target: {fileID: 1936720406122967919, guid: 0ad35097d0e181a45a06412a65cf65aa,
        type: 3}
      propertyPath: m_Name
      value: Kasarny
      objectReference: {fileID: 0}
    - target: {fileID: 3223386743896228220, guid: 0ad35097d0e181a45a06412a65cf65aa,
        type: 3}
      propertyPath: m_LocalPosition.x
      value: -2.6165602
      objectReference: {fileID: 0}
    - target: {fileID: 3223386743896228220, guid: 0ad35097d0e181a45a06412a65cf65aa,
        type: 3}
      propertyPath: m_LocalPosition.y
      value: 0.0000032584137
      objectReference: {fileID: 0}
    - target: {fileID: 3223386743896228220, guid: 0ad35097d0e181a45a06412a65cf65aa,
        type: 3}
      propertyPath: m_LocalPosition.z
      value: 0.7919709
      objectReference: {fileID: 0}
    - target: {fileID: 3223386743896228220, guid: 0ad35097d0e181a45a06412a65cf65aa,
        type: 3}
      propertyPath: m_LocalRotation.x
      value: 0.00000008146034
      objectReference: {fileID: 0}
    - target: {fileID: 3223386743896228220, guid: 0ad35097d0e181a45a06412a65cf65aa,
        type: 3}
      propertyPath: m_LocalRotation.y
      value: 0
      objectReference: {fileID: 0}
    - target: {fileID: 3223386743896228220, guid: 0ad35097d0e181a45a06412a65cf65aa,
        type: 3}
      propertyPath: m_LocalRotation.z
      value: -0
      objectReference: {fileID: 0}
    - target: {fileID: 3223386743896228220, guid: 0ad35097d0e181a45a06412a65cf65aa,
        type: 3}
      propertyPath: m_LocalRotation.w
      value: 1
      objectReference: {fileID: 0}
    - target: {fileID: 3223386743896228220, guid: 0ad35097d0e181a45a06412a65cf65aa,
        type: 3}
      propertyPath: m_RootOrder
      value: 3
      objectReference: {fileID: 0}
    - target: {fileID: 3223386743896228220, guid: 0ad35097d0e181a45a06412a65cf65aa,
        type: 3}
      propertyPath: m_LocalEulerAnglesHint.x
      value: 0
      objectReference: {fileID: 0}
    - target: {fileID: 3223386743896228220, guid: 0ad35097d0e181a45a06412a65cf65aa,
        type: 3}
      propertyPath: m_LocalEulerAnglesHint.y
      value: 0
      objectReference: {fileID: 0}
    - target: {fileID: 3223386743896228220, guid: 0ad35097d0e181a45a06412a65cf65aa,
        type: 3}
      propertyPath: m_LocalEulerAnglesHint.z
      value: 0
      objectReference: {fileID: 0}
    - target: {fileID: 7620497272081148512, guid: 0ad35097d0e181a45a06412a65cf65aa,
        type: 3}
      propertyPath: progressBar
      value: 
      objectReference: {fileID: 443344920}
    - target: {fileID: 7620497272081148512, guid: 0ad35097d0e181a45a06412a65cf65aa,
        type: 3}
      propertyPath: Worker
      value: 
      objectReference: {fileID: 5353242979489478231, guid: ef7cd25280df2ba41bdf4208ad084885,
        type: 3}
    m_RemovedComponents: []
  m_SourcePrefab: {fileID: 100100000, guid: 0ad35097d0e181a45a06412a65cf65aa, type: 3}
--- !u!1001 &7886825103535240586
PrefabInstance:
  m_ObjectHideFlags: 0
  serializedVersion: 2
  m_Modification:
    m_TransformParent: {fileID: 0}
    m_Modifications:
    - target: {fileID: 7886825102728169041, guid: b73b9c903fca45e488991bfd2d057d74,
        type: 3}
      propertyPath: m_Enabled
      value: 1
      objectReference: {fileID: 0}
    - target: {fileID: 7886825102728169041, guid: b73b9c903fca45e488991bfd2d057d74,
        type: 3}
      propertyPath: m_Depth
      value: 1
      objectReference: {fileID: 0}
    - target: {fileID: 7886825102728169041, guid: b73b9c903fca45e488991bfd2d057d74,
        type: 3}
      propertyPath: m_CullingMask.m_Bits
      value: 4294967295
      objectReference: {fileID: 0}
    - target: {fileID: 7886825102728169042, guid: b73b9c903fca45e488991bfd2d057d74,
        type: 3}
      propertyPath: m_IsActive
      value: 1
      objectReference: {fileID: 0}
    - target: {fileID: 7886825103593673116, guid: b73b9c903fca45e488991bfd2d057d74,
        type: 3}
      propertyPath: zoomSpeed
      value: 1
      objectReference: {fileID: 0}
    - target: {fileID: 7886825103593673116, guid: b73b9c903fca45e488991bfd2d057d74,
        type: 3}
      propertyPath: normalSpeed
      value: 0.15
      objectReference: {fileID: 0}
    - target: {fileID: 7886825103593673116, guid: b73b9c903fca45e488991bfd2d057d74,
        type: 3}
      propertyPath: movementTime
      value: 6
      objectReference: {fileID: 0}
    - target: {fileID: 7886825103593673118, guid: b73b9c903fca45e488991bfd2d057d74,
        type: 3}
      propertyPath: m_Name
      value: Camera_Rig
      objectReference: {fileID: 0}
    - target: {fileID: 7886825103593673119, guid: b73b9c903fca45e488991bfd2d057d74,
        type: 3}
      propertyPath: m_LocalPosition.x
      value: 0
      objectReference: {fileID: 0}
    - target: {fileID: 7886825103593673119, guid: b73b9c903fca45e488991bfd2d057d74,
        type: 3}
      propertyPath: m_LocalPosition.y
      value: 0
      objectReference: {fileID: 0}
    - target: {fileID: 7886825103593673119, guid: b73b9c903fca45e488991bfd2d057d74,
        type: 3}
      propertyPath: m_LocalPosition.z
      value: 0
      objectReference: {fileID: 0}
    - target: {fileID: 7886825103593673119, guid: b73b9c903fca45e488991bfd2d057d74,
        type: 3}
      propertyPath: m_LocalRotation.x
      value: 0
      objectReference: {fileID: 0}
    - target: {fileID: 7886825103593673119, guid: b73b9c903fca45e488991bfd2d057d74,
        type: 3}
      propertyPath: m_LocalRotation.y
      value: 0.38268343
      objectReference: {fileID: 0}
    - target: {fileID: 7886825103593673119, guid: b73b9c903fca45e488991bfd2d057d74,
        type: 3}
      propertyPath: m_LocalRotation.z
      value: 0
      objectReference: {fileID: 0}
    - target: {fileID: 7886825103593673119, guid: b73b9c903fca45e488991bfd2d057d74,
        type: 3}
      propertyPath: m_LocalRotation.w
      value: 0.92387956
      objectReference: {fileID: 0}
    - target: {fileID: 7886825103593673119, guid: b73b9c903fca45e488991bfd2d057d74,
        type: 3}
      propertyPath: m_RootOrder
      value: 6
      objectReference: {fileID: 0}
    - target: {fileID: 7886825103593673119, guid: b73b9c903fca45e488991bfd2d057d74,
        type: 3}
      propertyPath: m_LocalEulerAnglesHint.x
      value: 0
      objectReference: {fileID: 0}
    - target: {fileID: 7886825103593673119, guid: b73b9c903fca45e488991bfd2d057d74,
        type: 3}
      propertyPath: m_LocalEulerAnglesHint.y
      value: 45
      objectReference: {fileID: 0}
    - target: {fileID: 7886825103593673119, guid: b73b9c903fca45e488991bfd2d057d74,
        type: 3}
      propertyPath: m_LocalEulerAnglesHint.z
      value: 0
      objectReference: {fileID: 0}
    m_RemovedComponents: []
  m_SourcePrefab: {fileID: 100100000, guid: b73b9c903fca45e488991bfd2d057d74, type: 3}
--- !u!1001 &8260743618998642487
PrefabInstance:
  m_ObjectHideFlags: 0
  serializedVersion: 2
  m_Modification:
    m_TransformParent: {fileID: 0}
    m_Modifications:
    - target: {fileID: 567043395082901604, guid: 34c7494bff2c0b1418eebc54af9ad119,
        type: 3}
      propertyPath: progressBar
      value: 
      objectReference: {fileID: 2468129291751641104}
    - target: {fileID: 567043395082901604, guid: 34c7494bff2c0b1418eebc54af9ad119,
        type: 3}
      propertyPath: Worker
      value: 
      objectReference: {fileID: 5353242979489478231, guid: ef7cd25280df2ba41bdf4208ad084885,
        type: 3}
    - target: {fileID: 6175660592172429738, guid: 34c7494bff2c0b1418eebc54af9ad119,
        type: 3}
      propertyPath: m_Name
      value: MainBuilding
      objectReference: {fileID: 0}
    - target: {fileID: 7200977963910038457, guid: 34c7494bff2c0b1418eebc54af9ad119,
        type: 3}
      propertyPath: m_LocalPosition.x
      value: -20.235954
      objectReference: {fileID: 0}
    - target: {fileID: 7200977963910038457, guid: 34c7494bff2c0b1418eebc54af9ad119,
        type: 3}
      propertyPath: m_LocalPosition.y
      value: 0
      objectReference: {fileID: 0}
    - target: {fileID: 7200977963910038457, guid: 34c7494bff2c0b1418eebc54af9ad119,
        type: 3}
      propertyPath: m_LocalPosition.z
      value: 25.73487
      objectReference: {fileID: 0}
    - target: {fileID: 7200977963910038457, guid: 34c7494bff2c0b1418eebc54af9ad119,
        type: 3}
      propertyPath: m_LocalRotation.x
      value: 0.00000008146034
      objectReference: {fileID: 0}
    - target: {fileID: 7200977963910038457, guid: 34c7494bff2c0b1418eebc54af9ad119,
        type: 3}
      propertyPath: m_LocalRotation.y
      value: 0
      objectReference: {fileID: 0}
    - target: {fileID: 7200977963910038457, guid: 34c7494bff2c0b1418eebc54af9ad119,
        type: 3}
      propertyPath: m_LocalRotation.z
      value: -0
      objectReference: {fileID: 0}
    - target: {fileID: 7200977963910038457, guid: 34c7494bff2c0b1418eebc54af9ad119,
        type: 3}
      propertyPath: m_LocalRotation.w
      value: 1
      objectReference: {fileID: 0}
    - target: {fileID: 7200977963910038457, guid: 34c7494bff2c0b1418eebc54af9ad119,
        type: 3}
      propertyPath: m_RootOrder
      value: 1
      objectReference: {fileID: 0}
    - target: {fileID: 7200977963910038457, guid: 34c7494bff2c0b1418eebc54af9ad119,
        type: 3}
      propertyPath: m_LocalEulerAnglesHint.x
      value: 0
      objectReference: {fileID: 0}
    - target: {fileID: 7200977963910038457, guid: 34c7494bff2c0b1418eebc54af9ad119,
        type: 3}
      propertyPath: m_LocalEulerAnglesHint.y
      value: 0
      objectReference: {fileID: 0}
    - target: {fileID: 7200977963910038457, guid: 34c7494bff2c0b1418eebc54af9ad119,
        type: 3}
      propertyPath: m_LocalEulerAnglesHint.z
      value: 0
      objectReference: {fileID: 0}
    m_RemovedComponents: []
  m_SourcePrefab: {fileID: 100100000, guid: 34c7494bff2c0b1418eebc54af9ad119, type: 3}
--- !u!1001 &8792236078654019047
PrefabInstance:
  m_ObjectHideFlags: 0
  serializedVersion: 2
  m_Modification:
    m_TransformParent: {fileID: 0}
    m_Modifications:
    - target: {fileID: 8792236078052764564, guid: d271bccd06aad844f8e9d6fce0c64568,
        type: 3}
      propertyPath: m_AnchoredPosition.x
      value: 93.20007
      objectReference: {fileID: 0}
    - target: {fileID: 8792236078052764564, guid: d271bccd06aad844f8e9d6fce0c64568,
        type: 3}
      propertyPath: m_AnchoredPosition.y
      value: -1.0000019
      objectReference: {fileID: 0}
    - target: {fileID: 8792236078084359181, guid: d271bccd06aad844f8e9d6fce0c64568,
        type: 3}
      propertyPath: m_OnClick.m_PersistentCalls.m_Calls.Array.data[0].m_Target
      value: 
      objectReference: {fileID: 650913988}
    - target: {fileID: 8792236078189784772, guid: d271bccd06aad844f8e9d6fce0c64568,
        type: 3}
      propertyPath: m_OnClick.m_PersistentCalls.m_Calls.Array.data[0].m_Target
      value: 
      objectReference: {fileID: 2814842244046902942}
    - target: {fileID: 8792236078511939102, guid: d271bccd06aad844f8e9d6fce0c64568,
        type: 3}
      propertyPath: m_AnchoredPosition.x
      value: 326.59998
      objectReference: {fileID: 0}
    - target: {fileID: 8792236078511939102, guid: d271bccd06aad844f8e9d6fce0c64568,
        type: 3}
      propertyPath: m_AnchoredPosition.y
      value: -1.0000019
      objectReference: {fileID: 0}
    - target: {fileID: 8792236078724551245, guid: d271bccd06aad844f8e9d6fce0c64568,
        type: 3}
      propertyPath: m_AnchoredPosition.y
      value: -1.0000019
      objectReference: {fileID: 0}
    - target: {fileID: 8792236079164790241, guid: d271bccd06aad844f8e9d6fce0c64568,
        type: 3}
      propertyPath: m_LocalPosition.x
      value: 0
      objectReference: {fileID: 0}
    - target: {fileID: 8792236079164790241, guid: d271bccd06aad844f8e9d6fce0c64568,
        type: 3}
      propertyPath: m_LocalPosition.y
      value: 0
      objectReference: {fileID: 0}
    - target: {fileID: 8792236079164790241, guid: d271bccd06aad844f8e9d6fce0c64568,
        type: 3}
      propertyPath: m_LocalPosition.z
      value: 0
      objectReference: {fileID: 0}
    - target: {fileID: 8792236079164790241, guid: d271bccd06aad844f8e9d6fce0c64568,
        type: 3}
      propertyPath: m_LocalRotation.x
      value: 0
      objectReference: {fileID: 0}
    - target: {fileID: 8792236079164790241, guid: d271bccd06aad844f8e9d6fce0c64568,
        type: 3}
      propertyPath: m_LocalRotation.y
      value: 0
      objectReference: {fileID: 0}
    - target: {fileID: 8792236079164790241, guid: d271bccd06aad844f8e9d6fce0c64568,
        type: 3}
      propertyPath: m_LocalRotation.z
      value: 0
      objectReference: {fileID: 0}
    - target: {fileID: 8792236079164790241, guid: d271bccd06aad844f8e9d6fce0c64568,
        type: 3}
      propertyPath: m_LocalRotation.w
      value: 1
      objectReference: {fileID: 0}
    - target: {fileID: 8792236079164790241, guid: d271bccd06aad844f8e9d6fce0c64568,
        type: 3}
      propertyPath: m_RootOrder
      value: 8
      objectReference: {fileID: 0}
    - target: {fileID: 8792236079164790241, guid: d271bccd06aad844f8e9d6fce0c64568,
        type: 3}
      propertyPath: m_LocalEulerAnglesHint.x
      value: 0
      objectReference: {fileID: 0}
    - target: {fileID: 8792236079164790241, guid: d271bccd06aad844f8e9d6fce0c64568,
        type: 3}
      propertyPath: m_LocalEulerAnglesHint.y
      value: 0
      objectReference: {fileID: 0}
    - target: {fileID: 8792236079164790241, guid: d271bccd06aad844f8e9d6fce0c64568,
        type: 3}
      propertyPath: m_LocalEulerAnglesHint.z
      value: 0
      objectReference: {fileID: 0}
    - target: {fileID: 8792236079164790241, guid: d271bccd06aad844f8e9d6fce0c64568,
        type: 3}
      propertyPath: m_AnchoredPosition.x
      value: 0
      objectReference: {fileID: 0}
    - target: {fileID: 8792236079164790241, guid: d271bccd06aad844f8e9d6fce0c64568,
        type: 3}
      propertyPath: m_AnchoredPosition.y
      value: 0
      objectReference: {fileID: 0}
    - target: {fileID: 8792236079164790241, guid: d271bccd06aad844f8e9d6fce0c64568,
        type: 3}
      propertyPath: m_SizeDelta.x
      value: 0
      objectReference: {fileID: 0}
    - target: {fileID: 8792236079164790241, guid: d271bccd06aad844f8e9d6fce0c64568,
        type: 3}
      propertyPath: m_SizeDelta.y
      value: 0
      objectReference: {fileID: 0}
    - target: {fileID: 8792236079164790241, guid: d271bccd06aad844f8e9d6fce0c64568,
        type: 3}
      propertyPath: m_AnchorMin.x
      value: 0
      objectReference: {fileID: 0}
    - target: {fileID: 8792236079164790241, guid: d271bccd06aad844f8e9d6fce0c64568,
        type: 3}
      propertyPath: m_AnchorMin.y
      value: 0
      objectReference: {fileID: 0}
    - target: {fileID: 8792236079164790241, guid: d271bccd06aad844f8e9d6fce0c64568,
        type: 3}
      propertyPath: m_AnchorMax.x
      value: 0
      objectReference: {fileID: 0}
    - target: {fileID: 8792236079164790241, guid: d271bccd06aad844f8e9d6fce0c64568,
        type: 3}
      propertyPath: m_AnchorMax.y
      value: 0
      objectReference: {fileID: 0}
    - target: {fileID: 8792236079164790241, guid: d271bccd06aad844f8e9d6fce0c64568,
        type: 3}
      propertyPath: m_Pivot.x
      value: 0
      objectReference: {fileID: 0}
    - target: {fileID: 8792236079164790241, guid: d271bccd06aad844f8e9d6fce0c64568,
        type: 3}
      propertyPath: m_Pivot.y
      value: 0
      objectReference: {fileID: 0}
    - target: {fileID: 8792236079164790242, guid: d271bccd06aad844f8e9d6fce0c64568,
        type: 3}
      propertyPath: m_Name
      value: Canvas
      objectReference: {fileID: 0}
    - target: {fileID: 8792236079291675519, guid: d271bccd06aad844f8e9d6fce0c64568,
        type: 3}
      propertyPath: m_AnchoredPosition.x
      value: 209.90002
      objectReference: {fileID: 0}
    - target: {fileID: 8792236079291675519, guid: d271bccd06aad844f8e9d6fce0c64568,
        type: 3}
      propertyPath: m_AnchoredPosition.y
      value: -1.0000019
      objectReference: {fileID: 0}
    m_RemovedComponents: []
  m_SourcePrefab: {fileID: 100100000, guid: d271bccd06aad844f8e9d6fce0c64568, type: 3}
